@article{srivastava2014dropout,
  title={Dropout: a simple way to prevent neural networks from overfitting},
  author={Srivastava, Nitish and Hinton, Geoffrey and Krizhevsky, Alex and Sutskever, Ilya and Salakhutdinov, Ruslan},
  journal={The Journal of Machine Learning Research},
  volume={15},
  number={1},
  pages={1929--1958},
  year={2014},
  publisher={JMLR. org}
}
@article{walkley1934examination,
  title={An examination of the Degtjareff method for determining soil organic matter, and a proposed modification of the chromic acid titration method},
  author={Walkley, Aldous and Black, I Armstrong},
  journal={Soil science},
  volume={37},
  number={1},
  pages={29--38},
  year={1934},
  publisher={LWW}
}
@article{cs231n,
title= {CS231n: Convolutional Neural Networks for Visual Recognition 2016},
keywords= {},
journal= {Stanford University},
author= {Fei-Fei Li and Andrej Karpathy and Justin Johnson},
year= {2016},
url= {http://cs231n.stanford.edu/},
license= {Stanford University},
terms= {}
}
@misc{mlcb,
title= {Machine Learning Cơ Bản},
keywords= {},
journal= {Machine Learning Cơ Bản},
author= {Tiep, Vu Huu},
year= {2016},
url= {https://machinelearningcoban.com/},
license= {},
terms= {}
}
@article{kingma2014adam,
  title={Adam: A method for stochastic optimization},
  author={Kingma, Diederik P and Ba, Jimmy},
  journal={arXiv preprint arXiv:1412.6980},
  year={2014}
}
@article{rmsprop,
  title={Lecture 6.5-rmsprop: Divide the gradient by a running average of its recent magnitude},
  author={Tieleman, Tijmen and Hinton, Geoffrey},
  journal={COURSERA: Neural networks for machine learning},
  volume={4},
  number={2},
  pages={26--31},
  year={2012}
}

@article{GTSRB,
title = "Man vs. computer: Benchmarking machine learning algorithms for traffic sign recognition",
journal = "Neural Networks",
volume = "",
number = "0",
pages = " - ",
year = "2012",
note = "",
issn = "0893-6080",
doi = "10.1016/j.neunet.2012.02.016",
url = "http://www.sciencedirect.com/science/article/pii/S0893608012000457",
author = "J. Stallkamp and M. Schlipsing and J. Salmen and C. Igel",
keywords = "Traffic sign recognition",
keywords = "Machine learning",
keywords = "Convolutional neural networks",
keywords = "Benchmarking"
}
@inproceedings{imagenet,
  title={Imagenet classification with deep convolutional neural networks},
  author={Krizhevsky, Alex and Sutskever, Ilya and Hinton, Geoffrey E},
journal = "Neural Networks",
  booktitle={Advances in neural information processing systems},
  pages={1097--1105},
  year={2012}
}
@article{trafficcolor,
  title={Traffic sign recognition using colour information},
  author={Ritter, W and Stein, F and Janssen, R},
  journal={Mathematical and computer modelling},
  volume={22},
  number={4-7},
  pages={149--161},
  year={1995},
  publisher={Elsevier}
}
@article{trafficcolor1,
  title={Detection and Recognition of Traffic Signs Based on HSV Vision Model and Shape features.},
  author={Chen, Yixin and Xie, Yi and Wang, Yulin},
  journal={JCP},
  volume={8},
  number={5},
  pages={1366--1370},
  year={2013}
}
@article{trafficcolor3,
  title={Real Time Traffic Signal Recognition Using HSI and YCbCr Color Models and Adaboost Algorithm},
  author={Park, Sanghoon and Lee, Joonwoong},
  journal={Transactions of the Korean Society of Automotive Engineers},
  volume={24},
  number={2},
  pages={214--224},
  year={2016},
  publisher={The Korean Society of Automotive Engineers}
}
@inproceedings{dalal2005histograms,
  title={Histograms of oriented gradients for human detection},
  author={Dalal, Navneet and Triggs, Bill},
  booktitle={Computer Vision and Pattern Recognition, 2005. CVPR 2005. IEEE Computer Society Conference on},
  volume={1},
  pages={886--893},
  year={2005},
  organization={IEEE}
}
@inproceedings{van2011segmentation,
  title={Segmentation as selective search for object recognition},
  author={Van de Sande, Koen EA and Uijlings, Jasper RR and Gevers, Theo and Smeulders, Arnold WM},
  booktitle={Computer Vision (ICCV), 2011 IEEE International Conference on},
  pages={1879--1886},
  year={2011},
  organization={IEEE}
}
@article{rcnn,
  author    = {Ross B. Girshick and
               Jeff Donahue and
               Trevor Darrell and
               Jitendra Malik},
  title     = {Rich feature hierarchies for accurate object detection and semantic
               segmentation},
  journal   = {CoRR},
  volume    = {abs/1311.2524},
  year      = {2013},
  url       = {http://arxiv.org/abs/1311.2524},
  archivePrefix = {arXiv},
  eprint    = {1311.2524},
  timestamp = {Mon, 13 Aug 2018 16:48:09 +0200},
  biburl    = {https://dblp.org/rec/bib/journals/corr/GirshickDDM13},
  bibsource = {dblp computer science bibliography, https://dblp.org}
}
@misc{yolo,
  author = {Van},
  title = {Object detection : YOLO},
  year = 2018,
  url = {https://forum.machinelearningcoban.com/t/object-detection-yolo/503},
  urldate = {2018-09-08}
}
@article{DBLP:journals/corr/RedmonF16,
  author    = {Joseph Redmon and
               Ali Farhadi},
  title     = {{YOLO9000:} Better, Faster, Stronger},
  journal   = {CoRR},
  volume    = {abs/1612.08242},
  year      = {2016},
  url       = {http://arxiv.org/abs/1612.08242},
  archivePrefix = {arXiv},
  eprint    = {1612.08242},
  timestamp = {Mon, 13 Aug 2018 16:48:25 +0200},
  biburl    = {https://dblp.org/rec/bib/journals/corr/RedmonF16},
  bibsource = {dblp computer science bibliography, https://dblp.org}
}
@misc{darknet13,
  author =   {Joseph Redmon},
  title =    {Darknet: Open Source Neural Networks in C},
  howpublished = {\url{http://pjreddie.com/darknet/}},
  year = {2013--2016}
}
@misc{drakflow,
  author =   {thtrieu},
  title =    {Darkflow},
  howpublished = {https://github.com/thtrieu/darkflow},
  year = {2017}
}
